<record><leader>00000cas a22000007a 4500</leader><controlfield tag="001">12346280</controlfield><controlfield tag="008">850803d1914191uhiuwr ne      0    0eng d</controlfield><datafield ind1=" " ind2=" " tag="010"><subfield code="a">sn 85047190 </subfield></datafield><datafield ind1=" " ind2=" " tag="040"><subfield code="a">HWN</subfield><subfield code="b">eng</subfield><subfield code="c">HWN</subfield><subfield code="d">OCLCQ</subfield><subfield code="d">OCLCO</subfield></datafield><datafield ind1="1" ind2=" " tag="029"><subfield code="a">AU@</subfield><subfield code="b">000025835915</subfield></datafield><datafield ind1="0" ind2=" " tag="041"><subfield code="a">enghaw</subfield></datafield><datafield ind1=" " ind2=" " tag="042"><subfield code="a">msc</subfield></datafield><datafield ind1=" " ind2=" " tag="043"><subfield code="a">n-us-hi</subfield></datafield><datafield ind1="0" ind2="4" tag="245"><subfield code="a">The Progressive news.</subfield></datafield><datafield ind1=" " ind2=" " tag="260"><subfield code="a">Honolulu, Hawaii :</subfield><subfield code="b">H.M. Ballou,</subfield><subfield code="c">1914-</subfield></datafield><datafield ind1=" " ind2=" " tag="300"><subfield code="a">v. ;</subfield><subfield code="c">28 cm.</subfield></datafield><datafield ind1=" " ind2=" " tag="310"><subfield code="a">Weekly</subfield></datafield><datafield ind1="0" ind2=" " tag="362"><subfield code="a">No. 1 (July 18, 1914)-</subfield></datafield><datafield ind1=" " ind2=" " tag="500"><subfield code="a">Editor: F.J. Green.</subfield></datafield><datafield ind1=" " ind2=" " tag="546"><subfield code="a">In English and Hawaiian.</subfield></datafield><datafield ind1=" " ind2=" " tag="550"><subfield code="a">"Issued weekly in the interests of the Progressive Party of Hawaii."</subfield></datafield><datafield ind1="1" ind2=" " tag="700"><subfield code="a">Green, Francis J.</subfield></datafield><datafield ind1="2" ind2=" " tag="710"><subfield code="a">Progressive Party (U.S. : 1912).</subfield><subfield code="b">Hawaii.</subfield></datafield><datafield ind1=" " ind2=" " tag="752"><subfield code="a">United States</subfield><subfield code="b">Hawaii</subfield><subfield code="c">Honolulu</subfield><subfield code="d">Honolulu.</subfield></datafield></record>